<?xml version="1.0" encoding="UTF-8"?><collection xmlns="http://www.loc.gov/MARC21/slim"><record><leader>00510nam--2200181-i-4500</leader><controlfield tag="001">000043175</controlfield><controlfield tag="002">20161230</controlfield><controlfield tag="005">20161230201043</controlfield><controlfield tag="008">060222s1000------------r-----000-0-eng-d</controlfield><datafield ind1=" " ind2=" " tag="040"><subfield code="a">IFIN-HH</subfield></datafield><datafield ind1=" " ind2=" " tag="080"><subfield code="a">531=03.82</subfield></datafield><datafield ind1="1" ind2=" " tag="100"><subfield code="a">Strelkov, S.P</subfield></datafield><datafield ind1="1" ind2="0" tag="245"><subfield code="a">Mechanics</subfield><subfield code="b">Transl.from the russian by v.m.volosov, d.sc.and i.g.volosova</subfield><subfield code="c">S.P. Strelkov</subfield></datafield><datafield ind1=" " ind2=" " tag="260"><subfield code="a">Moscow, Mir Publ., 1978,</subfield></datafield><datafield ind1=" " ind2=" " tag="300"><subfield code="a">559P</subfield></datafield><datafield ind1=" " ind2=" " tag="500"><subfield code="a">Tit. orig in lb. rusa: Mehanika</subfield></datafield><datafield ind1=" " ind2=" " tag="852"><subfield code="a">47220</subfield><subfield code="c">/ 531</subfield></datafield><datafield ind1=" " ind2=" " tag="CAT"><subfield code="a">Sys</subfield><subfield code="c">20100630</subfield><subfield code="h">095556</subfield></datafield></record></collection>